*********************************************************************************************
@online{WEB:Gimbal,
    Author = {{PlayList}},
    Title = {Gimbal},
    Url = {https://playlists.net/artists/gimbal},
    Urldate = {2020-01-10}
}
@book{Book:InNav,
    Author = {{Mohinder S. Grewal}},
    Publisher = {{Wiley}},
    Title = {Global Positioning Systems, inertial navigation, and integration},
    Year = {2007}
}
@online{WEB:NASA,
    Author = {{NASA}},
    Title = {NASA's J-2X Rocket Engine Development},
    Url = {https://www.nasa.gov/exploration/systems/sls/j2x},
    Urldate = {2020-01-10}
}
@online{WEB:NASA2JX,
    Author = {{NASA}},
    Title = {gimbal bearing – Liquid Rocket Engines (J-2X, RS-25, general)},
    Url = {https://blogs.nasa.gov/J2X/tag/gimbal-bearing/},
    Urldate = {2020-01-10}
}
@online{WEB:MERCURY ,
    Author = {{NASA}},
    Title = {The Gimbal Rig Mercury Astronaut Trainer)},
    Url = {https://www.nasa.gov/centers/glenn/about/history/mastif.html},
    Urldate = {2020-01-10},
    Year = {2017}
}
@book{Book:Anil2008,
    Author = {{Anil Bharath}},
    Publisher = {{Artech House}},
    Title = {Next Generation Artificial Vision System},
    Year = {2008}
}
@book{Book:Jose2005,
    Author = {{José Ramón Mejía Vilet}},
    Publisher = {{Facultad de Ingeniería UASLP}},
    Title = {Apuntes de Procesamiento Digital de Imágenes},
    Year = {2005},
    Month = {Jan},
    Edition = {First}
}
@online{WEB:American ,
    Author = {{American Academy of Ophthalmology"}},
    Title = {Fotorreceptores},
    Url = {https://www.aao.org/salud-ocular/anatomia/fotorreceptores"},
    Urldate = {2020-01-10},
    Year = {2017}
}
@online{WEB:CameraWorks,
    Author = {EASY BASIC PHOTOGRAPHY},
    Title  = {How Cameras Work-The Parts of a Camera},
    Urldate = {2020-01-10},
    Url    = {http://www.easybasicphotography.com/the-camera.html}
}
@online{WEB:Cerebro,
    Author = {MUNDIARIO},
    Title  = {Cómo el cerebro procesa las imágenes},
    Urldate = {2020-01-10},
    Url    = {https://www.mundiario.com/articulo/sociedad/cerebro-procesa-imagenes/20190304191451147484.html}
}
@book{Book:Lentin2018,
    Author = {Lentin Joseph},
    Publisher = {Apress},
    Title = {Robot Operating System for Absolute Beginners: Robotics Programming Made Easy},
    Year = {2018}
}
@online{WEB:HK2020,
    Author = {HardKernel},
    Title  = {ODROID XU-4},
    Urldate = {2020-01-10},
    Url    = {https://www.hardkernel.com/shop/odroid-xu4-special-price/},
    Year = {2020}
}
@manual{MANUAL:HK2020,
    Author = {HardKernel},
    Title  = {ODROID XU-4},
    Year = {2017}
}
@online{WEB:Ubuntu,
    Author = {Ubuntu},
    Title  = {What is Ubuntu MATE?},
    Urldate = {2020-01-10},
    Url    = {https://ubuntu-mate.org/what-is-ubuntu-mate/},
    Year = {2014}
}
@online{WEB:ROS,
    Author = {ROS},
    Title  = {ROS/Concepts - ROS Wiki},
    Urldate = {2020-01-10},
    Url    = {http://wiki.ros.org/ROS/Concepts}
}
@book{Book:Morgan2015,
    Author = {Morgan Quigley},
    Publisher = {O’Reilly},
    Title = {Programming Robots with ROS},
    Year = {2015}
}
@book{Book:Arturo2011,
    author    = "Arturo de la Escalera",
    title     = "Visión por Computador. Fundamentos y métodos",
    publisher = "Prentice Hall",
    year      = "2011"
}
@book{Book:Bernd1997,
    title =     "Digital Image processing",
    author =    "Bernd Jähne",
    publisher = "Springer",
    year =      "1997"
}
@book{Book:Richard2011,
    title =     "Computer Vision: Algorithms and Applications",
    author =    "Richard Szeliski",
    publisher = "Springer",
    year =      "2011"
}
@online{WEB:Opencv,
    author = "OpenCV",
    title  = "About it",
    Urldate = {2020-01-10},
    url    = "https://opencv.org/about/"
}
@book{Book:Rafael2002,
    title =     "Digital image processing",
    author =    "Rafael C. Gonzalez, Richard E. Woods",
    publisher = "Prentice Hall",
    year =      "2002"
}
@book{Book:Rolf2003,
    title =     "Color Space and Its Divisions  Color Order from Antiquity to the Present",
    author =    "Rolf G. Kuehni",
    publisher = "Wiley-Interscience",
    year =      "2003"
}
@article{Article:taiy2000,
    author  = "Taiyi ChengHyun Wook ParkYongmin Kim",
    title   = "IMAGE FILTERING IN HS COLOR SPACE",
    journal = "University of Washington",
    year    = "2000"
}
@ONLINE {WEB:Opencvcolor,
    author = "OpenCV",
    title  = "Color conversions",
    url    = "https://docs.opencv.org/master/de/d25/imgproc_color_conversions.html"
}
@book{Book:Serra1984,
    title =     "Image Analysis and Mathematical Morphology, Volume 1",
    author =    "Jean Serra",
    publisher = "Academic Press",
    year =      "1984"
}
@ONLINE {WEB:Ieeeucsa2019,
    author = "IEEE UCSA",
    title  = "Transformaciones Morfológicas con Visión Artificial",
    month  = "may",
    year   = "2019",
    url    = "http://ucsa.ieeeparaguay.org/2019/05/15/transformaciones-morfologicas-con-vision-artificial/"
}
@misc { 10045_10053,
    title = {Procesamiento morfológico de imágenes en color: aplicación a la reconstrucción geodésica},
    author = {Ortiz Zamora, Francisco Gabriel},
    year = {2002}
}

@online{WEB:OpencvCalibracion,
    Author = {Opencv},
    Title = {Camera calibration With OpenCV},
    Url = {https://docs.opencv.org/2.4/doc/tutorials/calib3d/camera_calibration/camera_calibration.html},
    Urldate = {2020-01-10}
}
@misc {Paper::Ricolfe2008,
    title = {Procedimiento completo para el calibrado de cámaras utilizando una plantilla plana.},
    author = {Ricolfe Viala y Sánchez Salmerón, A. J.},
    year = {2008}
}
@misc {Paper::Lauren1994,
    title = {FAST AND EXACT COMPUTATION OF CARTESIAN GEOMETRIC MOMENTS USING DISCRETE GREEN'S THEOREM },
    author = {LUREN YANG },
    year = {1994}
}
@book{Book:Jan2009,
    title =     "Moments and Moment Invariants in Pattern Recognition",
    author =    "Jan Flusser",
    publisher = "Wiley  Sons Ltd",
    year =      "2009"
}
@book{Book:Geoffrey2006,
    title =     "Visual perception and robotic manipulation",
    author =    "Geoffrey Taylor",
    publisher = "Springer-Verlag Berlin Heidelberg",
    year =      "2006"
}
@online{WEB:Ocam,
    Author = {HardKernel},
    Title = {oCam : 5MP USB 3.0 Camera},
    Url = {https://www.hardkernel.com/shop/ocam-5mp-usb-3-0-camera/},
    Urldate = {2020-01-10}
}
@book{Book:Corke2011,
    title =     "Robotics, Vision and Control: Fundamental Algoritms in MATLAB",
    author =    "Peter Corke",
    publisher = "Springer",
    year =      "2011"
}
@book{Book:Nise2010,
    title =     "Control systems engineering",
    author =    "Norman S. Nise",
    publisher = "Wiley",
    year =      "2010"
}

@book{Book:Ogata2010,
    title =     "INGENIERÍA DE CONTROL MODERNA",
    author =    "Katsuhiko Ogata",
    publisher = "PEARSON EDUCACIÓN, S.A.,",
    year =      "2010"
}

@book{Book:Goldstein1980,
    title =     "Calssical Mechanics",
    author =    "Herbert Goldstein",
    publisher = "Addison-Weasley",
    year =      "1980"
}
@misc {Paper::Yoon2001,
    title = {Equations of Motion for a Two-Axes Gimbal System },
    author = {Sungpil Yoon},
    year = {2001}
}
@book{Book:Barfoot2020,
    title =     "State Estimation for robotics",
    author =    "Timothy D. Barfoot",
    publisher = "Cambridge University Press",
    year =      "2020"
}
@misc {Paper::Salatun1983,
    title = {Analysis of a double gimbaled reaction wheel spacecraft attitude stabilization system},
    author = {A. S. Salatun and P. M. Bainum},
    year = {1983}
}
@misc {Paper::Lin2001,
    title = {Adaptive feedforward control for disturbance torque rejection in seeker stabilizing loop},
    author = {C. L Lin, and Y. H. Hsiao},
    year = {2001}
}
@misc {Paper::Lee2006,
    title = {The stabilization loop design for a two-axis gimbal system using LQG/LTR controller},
    author = {K. J. Seong, H. G. Kang and H. P. Lee},
    year = {2006}
}
@misc {Paper::Kim2010,
    title = {Robust control for two-axis gimbaled sensor system with multivariable feedback systems},
    author = {S. B. Kim and Y. K. Kwak},
    year = {2010}
}
